@TechReport{Piater-2011-IISreport,
  author   = {Justus Piater},
  title    = {{IIS} Report Instructions},
  institution  = {University of Innsbruck},
  year     = 2011,
  type     = {Explanatory notes}
}

@Misc{Wikipedia-Archive,
  key      = {Wikipedia},
  title    = {Archive},
  howpublished = {\url{http://en.wikipedia.org/w/index.php?title=Archive\&oldid=437062217}},
  organization = {Wikipedia},
  year     = 2011,
  note     = {Retrieved July 22, 2011}
}

@Misc{MoveIt,
  key      = {MoveIt},
  author   = {Ioan A. Sucan and Sachin Chitta, “MoveIt!, [Online] Available: http://moveit.ros.org”},
  title    = {Archive},
  howpublished = {\url{http://moveit.ros.org/}}
}

@Misc{Talbot-2007-ThesisGuide,
  author   = {Nicola L. C. Talbot},
  title    = {Using LaTeX to Write a PhD Thesis},
  howpublished = {\url{http://theoval.cmp.uea.ac.uk/~nlct/latex/thesis/}},
  organization = {University of East Anglia},
  year     = 2007,
  type     = {User Guide}
}

@Book{test-2008,
  author   = {Nicola L. C. Talbot},
  title    = {Using LaTeX to Write a PhD Thesis},
  howpublished = {\url{http://theoval.cmp.uea.ac.uk/~nlct/latex/thesis/}},
  organization = {University of East Anglia},
  year     = 2008,
  type     = {User Guide}
}


@inproceedings{quigley2009,
  title={ROS: an open-source Robot Operating System},
  author={Quigley, Morgan and Conley, Ken and Gerkey, Brian and Faust, Josh and Foote, Tully and Leibs, Jeremy and Wheeler, Rob and Ng, Andrew Y},
  booktitle={ICRA workshop on open source software},
  volume={3},
  number={3.2},
  year={2009}
}

@article{freesevirtual,
  title={Virtual Robot Experimentation Platform V-REP: A Versatile 3D Robot Simulator},
  author={Freese, Marc and Singh, Surya and Ozaki, Fumio and Matsuhira, Nobuto},
  publisher={Citeseer}
}
